@article{cortes1995support,
  title={Support-vector networks},
  author={Cortes, Corinna and Vapnik, Vladimir},
  journal={Machine learning},
  volume={20},
  number={3},
  pages={273--297},
  year={1995},
  publisher={Springer}
}
@inproceedings{boser1992training,
  title={A training algorithm for optimal margin classifiers},
  author={Boser, Bernhard E and Guyon, Isabelle M and Vapnik, Vladimir N},
  booktitle={Proceedings of the fifth annual workshop on Computational learning theory},
  pages={144--152},
  year={1992},
  organization={ACM}
}
@inproceedings{joachims1998text,
  title={Text categorization with support vector machines: Learning with many relevant features},
  author={Joachims, Thorsten},
  booktitle={European conference on machine learning},
  pages={137--142},
  year={1998},
  organization={Springer}
}
@article{tong2001support,
  title={Support vector machine active learning with applications to text classification},
  author={Tong, Simon and Koller, Daphne},
  journal={Journal of machine learning research},
  volume={2},
  number={Nov},
  pages={45--66},
  year={2001}
}

@book{Shalev-Shwartz:2014:UML:2621980,
 author = {Shalev-Shwartz, Shai and Ben-David, Shai},
 title = {Understanding Machine Learning: From Theory to Algorithms},
 year = {2014},
 isbn = {1107057132, 9781107057135},
 publisher = {Cambridge University Press},
 address = {New York, NY, USA},
}

@article{shalev2007online,
  title={Online learning: Theory, algorithms, and applications},
  author={Shalev-Shwartz, Shai and Singer, Yoram},
  year={2007},
  publisher={Citeseer}
}

@article{scheinberg2006efficient,
  title={An efficient implementation of an active set method for SVMs},
  author={Scheinberg, Katya},
  journal={Journal of Machine Learning Research},
  volume={7},
  number={Oct},
  pages={2237--2257},
  year={2006}
}

@incollection{vogt2005active,
  title={Active-set methods for support vector machines},
  author={Vogt, Michael and Kecman, Vojislav},
  booktitle={Support vector machines: Theory and applications},
  pages={133--158},
  year={2005},
  publisher={Springer}
}

@article{platt1998sequential,
  title={Sequential minimal optimization: A fast algorithm for training support vector machines},
  author={Platt, John},
  year={1998}
}

@article{CC01a,
 author = {Chang, Chih-Chung and Lin, Chih-Jen},
 title = {{LIBSVM}: A library for support vector machines},
 journal = {ACM Transactions on Intelligent Systems and Technology},
 volume = {2},
 issue = {3},
 year = {2011},
 pages = {27:1--27:27},
 note =	 {Software available at \url{http://www.csie.ntu.edu.tw/~cjlin/libsvm}}
}

@article{scikit-learn,
 title={Scikit-learn: Machine Learning in {P}ython},
 author={Pedregosa, F. and Varoquaux, G. and Gramfort, A. and Michel, V.
         and Thirion, B. and Grisel, O. and Blondel, M. and Prettenhofer, P.
         and Weiss, R. and Dubourg, V. and Vanderplas, J. and Passos, A. and
         Cournapeau, D. and Brucher, M. and Perrot, M. and Duchesnay, E.},
 journal={Journal of Machine Learning Research},
 volume={12},
 pages={2825--2830},
 year={2011}
}

@misc{svm_smo_impl, title={Implementing a Support Vector Machine using Sequential Minimal Optimization and Python 3.5}, note={\url{https://jonchar.net/notebooks/SVM/}}, journal={SVM}}

@article{chapelle2007training,
  title={Training a support vector machine in the primal},
  author={Chapelle, Olivier},
  journal={Neural computation},
  volume={19},
  number={5},
  pages={1155--1178},
  year={2007},
  publisher={MIT Press}
}
